% Encoding: UTF-8

@Software{CK_BackstageGithub,
  title = {Open Source: Backstage Github},
  url   = {https://github.com/backstage/backstage/tree/master/plugins/techdocs},
}

@Manual{,
  title         = {Internal Docs Wolters Kluwer},
  comment-jande = {huidige toestand Developer platform (teamcity?)},
}

@Online{Backstage_Docs,
  title = {Backstage Documentation},
  url   = {https://backstage.io/docs/overview/what-is-backstage/},
}

@Comment{jabref-meta: databaseType:biblatex;}
